@misc{schulte_notes,
  author = {Christian Schulte},
  title = {Course Notes Constraint Programming (ID2204) VT 2012},
  year = {2012}, 
  note = "[Online; accessed 19-April-2017]"
}